4530 6352
337 840 384 908 ³0
552 852 613 907 or.
641 848 895 913 nournaaus,
923 845 1077 910 ruanis,
1104 845 1156 898 ar
1184 845 1358 898 ruamus
1385 846 1440 898 na
1470 846 1701 902 nonrroua.

404 1034 599 1097 thnnuus
616 1031 642 1092 V
668 1076 677 1092 .
700 1081 706 1092 .
735 1043 815 1093 aaut
831 1050 886 1114 per
902 1026 1074 1090 Dominum
1086 1026 1207 1110 Regem
1221 1025 1254 1088 in
1269 1023 1411 1089 custodia
1426 1037 1609 1112 patruorum
1626 1049 1765 1106 auorum,
1782 1041 1813 1094 et
1828 1043 1876 1094 ert
1892 1033 1922 1118 vj

339 1255 450 1319 habuit
463 1276 503 1318 ex
518 1251 602 1316 dono
618 1250 724 1336 Regia.

401 1410 536 1427 .....
555 1362 658 1425 Lino
666 1376 757 1424 Βτοτ
771 1370 818 1424 eat
833 1357 872 1422 de
886 1357 1052 1421 donatione
1065 1357 1192 1420 Domini
1206 1356 1315 1443 Regia,
1327 1371 1359 1421 et
1370 1370 1416 1421 eat
1428 1356 1460 1421 lx
1472 1380 1636 1438 annorum,
1645 1375 1677 1425 et
1689 1360 1783 1425 habet
1794 1361 1827 1425 in
1839 1360 1919 1426 hun·

337 1475 437 1542 drudo
450 1474 490 1538 de
506 1474 613 1537 Hom
628 1470 780 1557 feodumj
799 1470 916 1548 militia,
931 1483 963 1534 et
979 1469 1010 1554 iij
1028 1483 1132 1555 partes
1147 1468 1230 1532 feodi
1249 1470 1262 1554 j
1281 1469 1398 1547 militia,
1411 1491 1490 1555 quaa
1504 1471 1556 1535 alii
1573 1487 1688 1538 tenent.
1733 1472 1918 1537 Dominium

338 1609 431 1653 tuum
445 1586 477 1650 iu
493 1585 660 1649 nnuma
675 1582 757 1646 valet
772 1581 805 1645 lx
822 1581 927 1645 solidis
940 1580 1114 1655 annuatim,
1128 1602 1200 1644 cum
1217 1581 1485 1666 instauramentoj
1502 1582 1684 1645 carracedo
1699 1581 1741 1668 iiij
1759 1582 1873 1659 bobun,
1887 1600 1919 1648 at

337 1697 359 1784 ij
375 1697 475 1784 equis,
490 1697 547 1781 εἰ]
565 1694 727 1758 iterrurio:
751 1708 785 1757 et
809 1694 840 1756 in
864 1691 1028 1756 hundredo
1042 1692 1081 1755 de
1097 1693 1294 1757 Etruronn
1318 1691 1411 1756 habet
1436 1692 1504 1777 ipsa
1527 1692 1547 1778 ij
1572 1693 1686 1757 milites
1707 1692 1832 1772 Μαῖα,
1848 1705 1880 1756 et
1895 1692 1916 1778 ij

337 1822 443 1895 parter
452 1808 466 1893 j
484 1806 599 1871 militia

403 1966 410 1979 .
433 1966 439 1978 .
462 1966 468 1979 .
494 1966 501 1979 .
526 1935 545 1980 c
570 1966 576 1976 .
602 1965 608 1977 .
634 1964 640 1976 .
666 1933 688 1979 Α
715 1914 807 1980 habm
832 1915 863 1978 in
887 1913 959 1977 viiia
982 1912 1022 1976 de
1037 1914 1292 1990 Sumam,
1309 1913 1351 1998 xij
1376 1913 1504 1978 libratas
1527 1928 1619 1991 terra,
1646 1915 1685 1978 de
1710 1913 1803 1980 tando
1822 1914 1922 1979 Wra-

339 2047 452 2095 uamu
483 2047 530 2093 na
553 2030 782 2092 Wnnauma.

401 2142 638 2206 wimannus
662 2139 857 2203 Buraarcn
884 2136 979 2201 habet
1001 2137 1034 2200 in
1061 2135 1225 2201 hundredo
1249 2134 1289 2199 de
1315 2137 1525 2214 Ernnronm
1559 2153 1671 2202 terram
1702 2160 1764 2225 que
1791 2138 1873 2204 valet
1898 2157 1918 2200 c

336 2252 442 2319 roiidia
460 2252 633 2329 annuatim,
649 2274 720 2314 cum
745 2249 803 2314 hoc
818 2250 1073 2327 instauramento,
1089 2249 1216 2325 scilicet,
1231 2249 1275 2333 iiij
1299 2248 1410 2326 bobua,
1426 2250 1447 2335 ij
1464 2250 1589 2337 equiaj
1606 2248 1753 2314 horzeno.

402 2368 519 2428 Snron
538 2361 724 2437 Tnasooz,
740 2359 1026 2423 minervarum
1047 2376 1094 2422 ua
1110 2360 1351 2437 Tarraconen
1369 2383 1464 2448 nepos
1479 2362 1642 2425 noanon
1662 2377 1710 2423 uu
1726 2360 1919 2437 Garunna,

336 2491 368 2542 et
383 2476 415 2541 in
430 2472 573 2540 custodia
589 2472 714 2536 Domini
733 2471 842 2556 Regia,
858 2486 889 2535 et
913 2494 968 2557 per
983 2494 1055 2534 eum
1071 2471 1132 2536 fuir
1149 2472 1179 2534 in
1195 2471 1338 2536 custodia
1355 2473 1521 2536 Boanum
1551 2489 1597 2535 ua
1621 2472 1735 2549 Lucu,
1750 2494 1822 2537 cum
1836 2487 1919 2537 tarra

337 2610 395 2652 rua
417 2632 582 2650 ......
605 2598 677 2646 octo
690 2606 805 2654 annom
822 2605 885 2668 que
901 2596 983 2645 terra
999 2582 1057 2646 tuit
1069 2585 1178 2667 jurata
1188 2584 1227 2647 ad
1242 2584 1408 2648 valentiam
1422 2608 1463 2648 xv
1477 2584 1637 2657 librarum,
1648 2584 1701 2648 sed
1716 2586 1917 2651 Rottmtffu

336 2697 441 2785 potuit
465 2719 533 2761 eam
556 2694 596 2759 ad
619 2696 738 2759 firmam
764 2717 822 2781 pro
836 2716 878 2757 xx
896 2694 994 2770 libris,
1009 2717 1082 2757 cum
1105 2696 1382 2781 inrmuramentoj
1408 2719 1554 2760 carruae:
1582 2710 1612 2760 et
1637 2697 1661 2759 ai
1685 2710 1918 2783 apponemntur

337 2811 381 2897 iiij
400 2832 490 2874 vaooe
511 2821 543 2872 et
559 2825 579 2871 c
594 2831 678 2884 ovea
704 2823 786 2871 terra
812 2805 928 2871 valeret
952 2808 1006 2891 xxj
1035 2806 1121 2869 libris
1145 2819 1177 2870 et
1200 2807 1245 2893 iiij
1274 2807 1397 2871 solidis:
1427 2822 1457 2871 ot
1481 2806 1585 2872 dictus
1610 2811 1726 2870 Sinon
1743 2822 1789 2871 eat
1814 2856 1820 2867 .
1846 2855 1853 2868 .
1878 2855 1884 2867 .
1910 2855 1916 2867 .

334 2943 495 2986 annorum.

402 3076 566 3093 ......
592 3029 786 3103 Barnun,
812 3028 879 3112 qui¹
907 3041 954 3092 ert
976 3029 1007 3092 in
1028 3030 1171 3094 custodia
1202 3032 1410 3095 Eosmcnn
1436 3030 1490 3095 filii
1519 3031 1722 3109 stannum,
1755 3030 1837 3096 valet
1864 3052 1916 3094 an

338 3140 458 3207 nuatim
480 3142 518 3205 ι’
541 3187 549 3203 .
574 3189 580 3200 .
596 3138 713 3216 solidis,
729 3163 809 3225 quoa
824 3140 983 3226 predictus
1000 3141 1240 3206 Etsvncrtrus
1256 3144 1371 3230 recapit
1387 3143 1447 3207 hiia
1463 3143 1514 3229 viij
1531 3143 1627 3209 annia.

807 3338 1119 3403 HUNDREDUM
1145 3338 1208 3402 DE
1232 3338 1439 3404 GALEHO.

400 3520 662 3538 .........
686 3473 715 3536 ἰη
740 3473 882 3538 custodia
912 3474 1039 3539 Domini
1076 3474 1182 3559 Regia,
1205 3488 1237 3538 et
1269 3497 1324 3561 por
1352 3497 1423 3539 eum
1448 3475 1480 3538 in
1507 3474 1649 3539 custodia
1675 3477 1834 3540 Ntunuut
1862 3476 1917 3542 filii

337 3589 685 3662 ammoniatam
699 3585 719 3669 ij
736 3607 889 3648 annorum
904 3600 934 3651 ot
957 3586 1090 3663 dimidii,
1112 3610 1184 3651 cum
1201 3589 1318 3663 Cultu,
1342 3601 1424 3651 tarra
1448 3612 1523 3656 aunt
1548 3588 1588 3651 de
1609 3612 1674 3674 (lua
1697 3637 1703 3650 .
1729 3638 1735 3649 .
1761 3639 1767 3652 .
1792 3591 1920 3677 recepit.

337 3713 504 3784 postquam
527 3697 637 3761 habuit
671 3696 856 3774 custmiiam,
887 3700 939 3784 xvj
977 3722 1095 3763 marcas
1128 3715 1159 3763 et
1192 3701 1233 3785 vij
1266 3699 1379 3763 solidos
1404 3715 1435 3764 et
1467 3701 1498 3786 iij
1529 3699 1683 3777 denarios,
1710 3700 1749 3764 da
1774 3701 1921 3766 omnibu·

337 3808 493 3880 exitibua;
518 3824 549 3872 et
572 3807 681 3872 habuit
697 3808 869 3872 custodiam
886 3833 941 3895 per
961 3834 1077 3875 annum
1092 3827 1124 3876 et
1144 3825 1297 3898 quantum
1309 3857 1444 3873 .....
1467 3812 1578 3875 diebus
1593 3827 1664 3875 anto
1684 3812 1798 3877 furtum
1816 3815 1921 3878 Sancti

340 3920 467 3985 Botulfi.
515 3922 586 3986 Hoc
609 3936 656 3984 eat
681 3922 971 3999 instauramentum,
999 3924 1125 4000 scilicet,
1152 3925 1173 4009 ij
1199 3924 1330 4009 imt·oa,j
1349 3946 1452 3999 vacca,
1473 3925 1514 4009 vij
1531 3925 1616 4008 aqui,
1631 3939 1664 3987 at
1679 3926 1755 4010 xxxj
1777 3947 1872 3995 ονως
1889 3938 1920 3987 et

341 4030 422 4095 valet
445 4054 517 4096 cum
539 4033 785 4096 inatauramento
806 4056 824 4094 x
847 4032 951 4106 libn'm
975 4050 1006 4098 ot
1028 4033 1144 4099 additia
1168 4036 1189 4121 ij
1215 4034 1327 4110 bobus,
1352 4051 1382 4097 ot
1410 4056 1429 4095 v
1453 4034 1564 4108 vaccis,
1588 4050 1618 4096 ot
1647 4055 1665 4094 x
1690 4034 1801 4117 ponis,
1826 4048 1856 4098 et
1878 4051 1920 4096 cc

338 4141 461 4218 ovibus,
477 4141 593 4205 vaiebit
611 4141 682 4204 villa
699 4164 739 4204 xv
757 4141 851 4205 libris.

406 4296 633 4311 ........
657 4265 701 4313 est
728 4274 770 4314 xx
794 4275 958 4329 annorum,
982 4272 1013 4320 et
1037 4255 1233 4320 fuitfitiaw
1258 4306 1265 4320 .
1290 4306 1296 4317 .
1320 4303 1328 4318 .
1351 4255 1391 4319 dn
1415 4305 1421 4316 .
1447 4304 1453 4317 .
1479 4304 1485 4316 .
1511 4304 1517 4316 .
1542 4303 1550 4319 .
1574 4270 1604 4319 et
1631 4256 1733 4340 neptis
1758 4256 1919 4319 Nicrum

340 4361 394 4425 fitii
412 4363 655 4438 Amanum,
670 4377 701 4426 et
717 4362 749 4426 in
763 4364 832 4449 ejus
843 4365 986 4429 custodia
1000 4390 1056 4453 per
1079 4414 1467 4430 .............
1484 4365 1625 4431 custodia
1642 4366 1767 4430 Domini
1783 4364 1903 4453 Regia?

848 4501 855 4535 ¹
869 4501 911 4553 stc
923 4504 948 4553 in
960 4503 1030 4554 ilari.
1043 4507 1104 4555 aiter
1117 4504 1192 4555 habet
1204 4523 1259 4574 que,
1272 4515 1296 4554 et
1307 4522 1348 4554 ro.

410 4588 568 4643 ‘Dantur
587 4593 763 4647 animadvortit
782 4602 798 4626 ‘⁴
808 4595 949 4666 Reliquum
969 4615 1001 4650 ex
1017 4614 1108 4666 magna
1122 4611 1192 4669 [urta
1206 4597 1321 4651 exeditur
1332 4607 1358 4650 et
1368 4597 1504 4660 mutilatur,
1517 4595 1588 4664 quod
1603 4604 1715 4645 continet
1733 4591 1857 4644 duntaxat
1876 4603 1924 4643 tra·

341 4689 419 4740 tmen
431 4699 456 4740 at
467 4686 628 4740 dimitam!
