4530 6352
868 859 922 911 DE
949 858 1205 925 DOMINABUS,
1233 861 1388 922 Punms,

785 1133 1056 1216 ROTULUS
1086 1133 1135 1216 V.
1181 1134 1247 1219 ΙΝ
1278 1136 1491 1222 TERGO.

404 1328 597 1392 Batauam
625 1344 688 1409 que
709 1333 757 1386 eet
780 1318 819 1384 de
839 1319 956 1384 honore
978 1318 1017 1383 de
1034 1321 1232 1396 litonum,
1252 1336 1297 1385 eat
1320 1322 1352 1384 in
1375 1344 1469 1385 manu
1486 1319 1613 1384 Domini
1629 1321 1728 1408 Regis
1741 1344 1816 1386 cum
1841 1321 1927 1388 hero

337 1436 433 1503 dibus
456 1438 571 1501 Pmt
605 1451 652 1498 ult
675 1434 900 1509 Punnvtnnit,
930 1454 949 1494 a
979 1429 1059 1494 lento
1089 1432 1193 1497 Sancti
1221 1431 1346 1497 Thome
1375 1431 1532 1519 Apostoli.
1579 1430 1746 1497 Predictua
1772 1435 1924 1500 Pmut

339 1547 451 1614 babuit
474 1547 494 1635 ij
518 1546 618 1616 filios:
643 1557 676 1609 et
702 1542 931 1629 primogenitus
951 1556 997 1605 est
1021 1540 1108 1629 xxiiij
1132 1563 1296 1619 annorum,
1318 1555 1349 1605 et
1371 1555 1417 1605 eat
1441 1540 1594 1629 leprosus,
1616 1554 1647 1606 et
1670 1556 1716 1607 eat
1735 1543 1766 1607 in
1785 1543 1929 1608 cuamdia

339 1658 468 1724 Domini
485 1655 594 1742 Regia,
609 1669 641 1720 et
656 1653 751 1719 laabet
767 1654 1023 1717 sustentationem
1046 1653 1077 1717 in
1102 1652 1246 1739 hospitio.
1294 1649 1459 1716 Secundus
1481 1651 1619 1716 nondum
1635 1654 1707 1741 eatj
1724 1655 1806 1719 anni.
1852 1655 1928 1720 Pre-

340 1780 425 1831 tetea
439 1763 544 1829 dictus
556 1765 708 1828 Ρκτιιυε
723 1762 835 1827 habuit
850 1762 870 1848 ij
890 1763 968 1826 tiliae
983 1761 1186 1836 maritandam
1207 1763 1415 1850 primogenita
1430 1776 1476 1826 est
1492 1763 1558 1850 xiiij
1576 1786 1741 1842 annorum,
1757 1765 1894 1829 uuanda
1909 1789 1926 1829 v

339 1899 503 1942 annorum.
562 1877 765 1940 Ronaneus
799 1891 847 1938 ou
881 1873 1026 1938 Wunnu
1054 1887 1086 1937 et
1116 1874 1353 1939 Winnunxus
1387 1891 1434 1937 ou
1465 1874 1713 1938 Essuuneonu
1745 1891 1929 1964 receperunt

340 1988 516 2054 custodiam
539 1988 581 2053 ad
603 1987 718 2051 festum
737 1985 842 2050 Sancti
859 1983 985 2049 Thome
1001 1983 1159 2070 Apostoli,
1177 1984 1232 2069 qui
1250 1983 1290 2047 de
1309 1983 1455 2048 omnibus
1469 1982 1617 2061 exitibus,
1633 1984 1760 2064 scilieet,
1775 1985 1815 2050 de
1831 1986 1932 2053 reddi·

342 2209 425 2275 rium
449 2210 532 2275 volet
555 2234 575 2274 x
599 2209 698 2285 libris,
713 2231 786 2273 cum
803 2209 1049 2272 instauramento
1070 2204 1156 2293 quod
1180 2204 1223 2269 ibi
1245 2217 1303 2282 est,
1327 2204 1453 2283 seilicet,
1472 2229 1486 2291 J
1510 2228 1639 2270 carruca
1657 2206 1697 2270 de
1718 2208 1747 2295 vj
1771 2206 1885 2288 bobun,
1901 2230 1933 2276 et

341 2320 362 2407 ij
384 2321 487 2407 equit,
510 2334 541 2385 et
564 2320 617 2407 viij
643 2320 753 2394 tancia,
769 2333 799 2383 et
817 2319 881 2405 lxvj
903 2317 1017 2381 ovibus
1037 2317 1119 2381 inter
1132 2339 1206 2380 oves
1228 2329 1259 2380 et
1281 2338 1390 2402 agnou,
1405 2329 1436 2380 et
1453 2316 1528 2403 xviij
1545 2318 1666 2403 porcis:
1690 2333 1722 2383 et
1744 2341 1815 2384 eum
1840 2319 1933 2408 pleno

342 2431 601 2506 momumento,
625 2430 752 2507 scilicet,
775 2430 809 2515 iij
832 2428 980 2503 carrucis,
1003 2427 1144 2514 qualibet
1167 2425 1207 2488 de
1222 2428 1252 2513 ej
1274 2425 1388 2503 bobus,
1403 2442 1434 2491 et
1450 2428 1471 2513 ij
1488 2429 1589 2514 equis,
1605 2430 1662 2516 etj
1679 2429 1829 2509 hemerio,
1844 2446 1877 2496 et
1891 2455 1933 2498 xx

342 2541 456 2618 vaccis,
476 2554 508 2605 et
530 2562 583 2604 occ
604 2539 728 2615 ovibus,
751 2552 781 2603 et
806 2561 869 2602 xxx
895 2539 1008 2624 porcis,
1025 2537 1100 2601 villa
1116 2537 1230 2601 valeret
1248 2539 1299 2623 xvj
1322 2537 1411 2602 libris
1430 2553 1501 2626 post
1524 2539 1608 2604 hune
1631 2563 1765 2605 annum:
1789 2557 1821 2607 et
1837 2544 1934 2630 preci·

344 2650 432 2737 pitur
446 2649 625 2714 instaurari.

410 2761 501 2823 Uxor
517 2760 634 2823 Pmm
663 2775 709 2821 un*
734 2759 949 2822 Panavmaa
964 2771 1009 2821 est
1028 2759 1058 2822 in
1074 2757 1242 2822 donatione
1258 2755 1386 2822 Domini
1403 2758 1512 2845 Regis,
1531 2773 1562 2822 et
1577 2773 1625 2824 eat
1641 2759 1704 2845 xlvj
1722 2783 1888 2841 annorum,
1904 2778 1935 2828 et

346 2887 420 2937 nata
434 2871 474 2935 de
490 2869 656 2947 militibus,
672 2884 703 2933 et
720 2869 813 2934 habet
832 2871 1057 2934 llotmttttmu
1075 2871 1106 2933 in
1123 2869 1207 2933 dote.

412 2982 619 3045 Buannurm
646 2996 694 3042 un
717 2981 880 3043 Smnoxn
908 2995 992 3044 tenet
1018 2979 1144 3044 tadum
1176 2979 1341 3043 dimidium
1372 2980 1480 3045 militis
1508 2980 1548 3046 de
1576 2982 1719 3046 eschaeta
1750 2982 1933 3051 Wannnm

346 3091 532 3167 Gumnu,
549 3105 582 3155 et
596 3106 643 3154 est
657 3089 847 3175 heritagium
864 3115 967 3170 auum,
982 3105 1015 3157 et
1032 3092 1113 3157 valet
1128 3114 1185 3179 per
1200 3112 1316 3154 anuum
1335 3089 1365 3155 xl
1383 3091 1499 3156 solidis.
1548 3093 1622 3179 Ipsa
1637 3108 1684 3157 est
1699 3091 1710 3157 l
1725 3115 1891 3174 annorum,
1905 3110 1937 3160 et

345 3200 440 3266 babet
463 3202 493 3287 vj
522 3200 611 3278 filino,
633 3201 698 3287 etj
723 3200 817 3265 tiliam
840 3201 1065 3266 maritandum:
1098 3202 1326 3287 primogenitus
1353 3217 1399 3265 eat
1429 3204 1484 3288 xxj
1515 3204 1612 3280 anni,¹
1639 3219 1669 3269 et
1695 3220 1767 3269 sunt
1800 3206 1865 3270 nati
1899 3206 1939 3272 de

347 3312 509 3378 militibus.

413 3424 545 3488 ΜΑΙΙΑ
563 3447 645 3489 uxor
661 3425 863 3488 Gna-monis
880 3424 1109 3498 ExTRANttt,
1132 3440 1178 3489 est
1206 3425 1237 3488 in
1261 3424 1429 3490 donatione
1450 3425 1578 3491 Domini
1601 3427 1710 3513 Regis,
1734 3443 1766 3493 et
1790 3429 1884 3495 babet
1907 3433 1939 3497 iu

348 3534 422 3600 dote
437 3535 647 3600 Ruxumou
665 3535 705 3599 de
720 3535 813 3600 feodo
827 3535 866 3599 de
884 3535 1121 3607 ussaunein
1149 3534 1230 3601 valet
1246 3537 1320 3601 nilla
1342 3538 1503 3601 annuatim
1523 3539 1588 3626 xiiij
1610 3539 1707 3605 libris.
1754 3541 1829 3628 lpaa
1843 3557 1891 3607 est
1907 3546 1938 3609 xl

347 3668 511 3719 annorum.
527 3660 559 3711 et
581 3660 654 3711 nata
676 3647 716 3711 de
741 3646 893 3711 militibus
913 3660 943 3710 et
960 3646 1139 3712 baronibua
1188 3648 1311 3712 llabuit
1337 3649 1403 3736 ipsa
1422 3649 1472 3735 iiJ'
1488 3649 1650 3716 Dominus.
1696 3653 1795 3718 Dotea
1816 3655 1885 3742 ejus
1907 3655 1939 3720 in

350 3758 548 3842 maritagium
565 3773 637 3822 sunt
652 3759 684 3822 in
699 3758 830 3822 diversis
845 3757 1055 3822 eomitatibus„

794 3978 1107 4043 HUNDREDUM
1134 3979 1196 4044 DE
1221 3980 1513 4048 CRAVERING.

415 4113 544 4172 Aones
570 4125 617 4172 nu
642 4111 932 4177 Mnxaeuaaasv
957 4116 1051 4180 hahet
1077 4116 1108 4180 in
1138 4116 1303 4182 hundredo
1328 4119 1368 4183 de
1400 4122 1633 4199 Citaennixu,
1658 4124 1849 4204 Bunucnu,
1878 4150 1942 4214 que

350 4218 432 4283 valet
448 4218 611 4283 aunuatim
629 4241 671 4281 xx
688 4218 786 4298 libris,
803 4235 833 4286 et
850 4238 896 4286 eat
911 4221 951 4287 de
966 4223 1058 4289 feodo
1073 4228 1222 4291 Sancus
1240 4229 1513 4295 Eaaaunaana.

792 4443 1102 4512 llUNDllEDUM
1126 4449 1189 4514 DE
1215 4451 1499 4517 HAPPINGES.

416 4577 544 4637 Annua
571 4592 617 4638 ou
641 4577 947 4658 Munncnunuui‘,
971 4598 1055 4649 tenet
1073 4586 1105 4649 in
1130 4585 1296 4680 hundredo
1318 4589 1359 4653 de
1383 4591 1613 4668 Haunianae,
1630 4594 1683 4679 xvj
1708 4593 1839 4660 libratu
1864 4611 1946 4662 tem

351 4685 383 4748 in
401 4687 588 4761 sunnone,
604 4685 643 4750 de
658 4687 751 4751 feodo
766 4690 908 4754 Bonum
938 4710 980 4756 nn
1003 4695 1128 4758 Bmoe.

417 4794 613 4859 lucanum
639 4811 686 4858 nu
710 4797 876 4877 Conana,
900 4805 1001 4868 tenuit
1030 4805 1137 4871 villam
1162 4808 1202 4873 de
1229 4811 1462 4877 lituusnnnu
1488 4814 1521 4877 in
1542 4813 1651 4880 nalem
1673 4817 1850 4896 hundredo,
1881 4842 1946 4907 que

353 4920 399 4970 ext
416 4904 543 4970 feodum
567 4906 733 4973 dimidium
762 4910 882 4989 militia,
906 4928 938 4978 et
959 4917 1085 4983 tenebat
1108 4919 1139 4983 in
1162 4921 1265 5008 eapite
1287 4922 1327 4987 de
1346 4924 1485 4989 Domino
1500 4925 1601 5010 Rege,
1617 4942 1649 4992 et
1664 4944 1809 4992 monum
1822 4943 1889 5003 αις
1913 4946 1944 4997 et

629 5097 638 5129 ⁸
658 5093 752 5146 foranu
765 5097 812 5164 leg.
825 5115 955 5153 anm.
1177 5102 1190 5137 ¹
1207 5114 1225 5139 ‘⁴
1237 5107 1302 5163 duo·
1316 5110 1468 5177 ibuit&
1481 5113 1541 5171 its.
1553 5115 1649 5169 hund
