4530 6352
812 831 864 882 ΕΤ
892 830 1065 882 PUELLIS
1094 832 1149 883 DE
1177 828 1466 889 LINCOLNSCIR.
1896 820 1921 885 5

342 1012 558 1077 Glbssflssltvo
583 1012 735 1089 ansss‘r,
769 1021 800 1074 et
831 1032 872 1073 xv
895 1008 991 1073 libras
1020 1007 1159 1093 ejumem
1191 1008 1290 1083 firme,
1318 1008 1485 1072 Nlcssubo
1519 1009 1584 1073 filio
1614 1010 1859 1090 Aussxnrtnm,
1888 1025 1920 1079 et

341 1125 519 1188 Roaanro
543 1140 592 1186 oa
615 1125 761 1188 Buauu.
807 1123 852 1186 Et
874 1145 912 1185 ex
944 1169 951 1183 .
977 1168 983 1182 .
1008 1169 1015 1184 .
1046 1122 1235 1185 Nroamus
1259 1118 1343 1182 filius
1365 1120 1598 1184 Anaxxnmn
1623 1164 1918 1184 ..........

342 1247 509 1299 tenuerunt
525 1246 556 1298 et
571 1246 676 1298 tenent
697 1232 775 1297 illud
796 1233 966 1298 manerium
990 1254 1046 1319 per
1065 1231 1179 1295 dictam
1199 1229 1329 1293 firmam.
1375 1230 1419 1292 Et
1436 1243 1539 1317 preter
1554 1229 1675 1294 dictum
1697 1230 1920 1308 instauramen-

341 1361 421 1424 tum,
437 1359 567 1432 possunt
584 1345 629 1410 ibi
651 1369 716 1410 esse
736 1344 789 1408 xlv
804 1367 888 1421 oves,
904 1366 966 1429 que
982 1344 1007 1408 si
1022 1355 1262 1429 apponerentur,
1278 1343 1367 1407 firma
1387 1354 1492 1429 posset
1510 1341 1617 1429 augeri
1636 1341 1676 1406 de
1697 1342 1739 1429 xij
1757 1341 1872 1422 solidis,
1887 1359 1919 1410 et

340 1470 521 1544 preceptum
539 1453 616 1545 [est]
633 1455 809 1520 instaurari.

405 1567 508 1632 Filius
523 1568 746 1631 unanimam
761 1565 817 1629 filii
834 1566 1052 1640 Glnausstc‘m,
1072 1577 1118 1628 est
1139 1564 1171 1627 in
1194 1562 1338 1628 custodia
1351 1564 1480 1629 Domini
1496 1564 1605 1650 Regis,
1620 1576 1652 1628 et
1666 1587 1688 1628 x
1703 1587 1866 1644 annorum,
1886 1580 1919 1631 et

341 1692 423 1743 terra
437 1699 494 1742 sua
508 1676 548 1740 de
564 1677 721 1739 Rroasm
737 1687 783 1739 est
798 1673 837 1737 de
852 1673 944 1737 feodo
957 1676 1329 1739 Ancuramscovxros
1342 1677 1614 1753 Enonxcansrs,
1625 1699 1688 1762 que
1704 1676 1765 1741 fuit
1781 1677 1872 1743 sesita
1885 1677 1919 1742 in

340 1810 467 1854 manum
483 1786 611 1852 Domini
626 1787 735 1872 Regis,
758 1808 814 1872 per
828 1784 973 1850 custodes
987 1785 1295 1873 Archiepiscopntus,
1315 1788 1355 1853 ad
1377 1789 1491 1853 festum
1512 1790 1618 1853 Sancti
1633 1790 1752 1855 Botulfi
1773 1791 1919 1876 proximo

339 1900 542 1987 preteritum:
567 1911 599 1961 et
614 1895 756 1961 redditus
770 1897 852 1961 dicte
873 1910 952 1960 terre
973 1910 1046 1960 sunt
1061 1920 1127 1960 xxx
1150 1896 1238 1960 solidi
1263 1946 1458 1963 .......
1491 1913 1538 1964 est
1560 1900 1602 1966 ibi
1625 1901 1917 1980 instauramentum,

338 2026 371 2075 et
393 2011 419 2074 si
440 2023 541 2104 essent
563 2009 608 2073 ibi
629 2009 650 2094 ij
675 2031 811 2086 carruce,
829 2020 861 2072 et
880 2031 914 2072 cc
937 2030 1021 2084 oves,
1036 2020 1067 2071 et
1083 2030 1124 2070 xv
1140 2030 1241 2085 vacce,
1257 2023 1287 2072 et
1303 2009 1346 2095 iiij
1367 2033 1447 2089 sues,
1463 2025 1495 2074 et
1504 2011 1518 2096 j
1536 2011 1642 2088 verris,
1667 2024 1750 2077 terra
1763 2012 1880 2076 valeret
1895 2035 1916 2077 x

340 2122 429 2187 libris
443 2135 474 2185 et
489 2121 531 2207 vij
550 2118 664 2183 solidis.
1261 2098 1264 2104 ¹

338 2306 340 2310 ¹
404 2234 496 2297 Uxor
520 2231 686 2295 Ronun'rr
712 2229 769 2294 filii
792 2231 977 2306 HUGOMS,
1003 2229 1102 2296 estin
1129 2227 1296 2294 donatione
1317 2231 1446 2298 Domini
1469 2233 1576 2319 Regis,
1598 2246 1630 2298 et
1652 2248 1700 2300 est
1720 2235 1731 2298 l
1752 2256 1915 2300 annorum.

341 2346 408 2409 Dos
429 2367 487 2408 sua
501 2343 584 2406 valet
598 2364 642 2405 xx
657 2340 755 2417 libris,
770 2363 843 2405 cum
858 2340 901 2426 iiij
919 2342 1064 2417 carrucis,
1080 2353 1110 2404 et
1125 2363 1159 2404 cc
1175 2341 1299 2419 ovibus,
1314 2356 1345 2407 et
1360 2366 1381 2405 x
1397 2343 1515 2418 vaccis;
1538 2357 1569 2409 et
1586 2368 1645 2408 non
1662 2357 1735 2411 sunt
1749 2345 1793 2410 ibi
1808 2345 1867 2410 nisi
1882 2346 1916 2434 iij

339 2477 476 2532 carruca,
490 2467 522 2518 et
537 2453 570 2517 lx
585 2474 670 2530 oves,
686 2465 717 2516 et
733 2452 774 2537 vij
792 2474 892 2516 vacce.
939 2452 1013 2538 Ipsa
1032 2450 1093 2515 fuit
1109 2449 1174 2515 filia
1190 2450 1394 2516 Wrnnmnr
1417 2453 1472 2517 filii
1489 2455 1678 2527 Wncrmu
1699 2472 1745 2518 oa
1761 2456 1917 2532 Wsuna,

338 2578 371 2630 et
385 2566 479 2629 habet
494 2587 515 2628 x
531 2586 653 2650 pueros.

342 2723 344 2728 ·
405 2675 507 2739 Filius
521 2674 726 2738 Wtuhsshtss
749 2672 806 2736 filii
829 2674 1032 2749 CHETELM,
1055 2671 1228 2736 Ostriciarii
1244 2672 1370 2737 Domini
1387 2674 1496 2758 Regis,
1517 2688 1564 2739 est
1578 2675 1618 2740 de
1633 2675 1774 2741 custodia
1787 2674 1917 2740 Domini

340 2787 449 2872 Regis,
471 2797 503 2849 et
524 2784 555 2849 in
577 2783 719 2849 custodia
741 2783 849 2847 matris
871 2806 925 2846 sue
947 2805 1003 2868 per
1025 2783 1198 2846 Dominum
1218 2783 1461 2849 RANNULFUM
1487 2803 1534 2849 ΒΕ
1558 2788 1793 2865 (ὶιΑΝνιιιΒ,
1816 2799 1848 2851 et
1869 2797 1917 2850 est

340 2896 382 2981 xij
400 2915 561 2958 annorum.
606 2893 843 2957 chnssunus
859 2895 1002 2958 ansav
1022 2892 1191 2957 vicecomes
1212 2893 1328 2959 saisivit
1350 2908 1475 2977 terram,
1492 2912 1523 2962 et
1538 2899 1632 2962 nichil
1647 2898 1719 2962 inde
1733 2897 1826 2985 cepit,
1841 2897 1918 2983 quia

338 3018 438 3070 mater
464 3003 585 3069 heredis
611 3004 714 3069 finivit
736 3004 841 3069 statim
867 3027 938 3074 cum
962 3005 1100 3069 Domino
1121 3006 1346 3084 RANNULFO,
1373 3031 1430 3094 pro
1451 3033 1472 3073 x
1493 3011 1614 3088 marcis,
1636 3010 1676 3075 de
1697 3010 1839 3075 custodia
1860 3010 1915 3074 filii

338 3116 386 3181 sui
410 3163 416 3176 .
442 3164 448 3176 .
473 3161 480 3176 .
506 3162 514 3178 .
544 3126 581 3179 ut
595 3113 700 3178 liceret
715 3113 744 3177 ei
759 3115 875 3180 nubere
890 3115 932 3179 ad
946 3116 1138 3183 voluntatem
1155 3139 1251 3183 suam.
1296 3119 1342 3182 Ec
1352 3113 1594 3186 'wimannus
1613 3121 1697 3187 filius
1712 3123 1916 3199 Cusanum,

337 3225 432 3290 nichil
456 3224 556 3290 tenuit
580 3223 612 3289 in
635 3224 736 3311 capite
759 3225 799 3290 de
821 3226 957 3290 Domino
971 3227 1072 3313 Rege,
1090 3239 1194 3312 preter
1213 3225 1290 3290 illud
1313 3228 1399 3314 quod
1422 3229 1523 3295 tenuit
1544 3230 1584 3295 de
1605 3232 1694 3318 Rege
1716 3232 1748 3297 in
1772 3230 1855 3296 Soka
1876 3229 1916 3294 de

338 3339 627 3408 Honuacnsrmv,
650 3349 682 3400 et
704 3357 761 3421 per
781 3336 903 3400 firmam
925 3360 1020 3424 quam
1043 3336 1193 3401 reddebat
1209 3337 1438 3404 Gaaaaouos
1463 3358 1512 3403 nn
1534 3343 1722 3419 Escnnrrs,
1737 3343 1792 3428 qui
1814 3340 1913 3406 tenuit

339 3449 470 3512 Socham
486 3446 526 3510 de
541 3447 832 3523 Hoxusscnsvlta,
847 3460 879 3511 et
893 3445 996 3512 adhuc
1011 3460 1096 3512 tenet
1110 3470 1166 3533 per
1180 3450 1242 3510 anfi
1265 3490 1374 3511 .....

796 3696 1065 3779 ROTULUS
1095 3698 1128 3778 Ι.
1167 3696 1232 3778 ΙΝ
1263 3695 1462 3777 DORSO.

402 3856 504 3922 Heres
518 3855 723 3918 W1LL13LM1
740 3854 781 3919 de
792 3856 899 3921 Vascl
916 3870 963 3921 est
976 3858 1042 3945 xiiij
1060 3877 1223 3932 annorum,
1238 3866 1268 3918 et
1282 3854 1315 3917 in
1330 3853 1472 3916 custodia
1486 3852 1614 3915 Domini
1629 3851 1735 3938 Regis.
1781 3853 1915 3931 Quando

339 3966 502 4028 Annuus
519 3980 564 4026 nn
577 3965 774 4028 CAanthb
787 3967 902 4053 recepit
913 3967 1085 4032 custodiam
1103 3981 1183 4033 terre
1198 3989 1252 4030 sue
1266 3965 1298 4028 in
1311 3964 1499 4041 CATTORP,
1510 3962 1627 4028 invenit
1638 3963 1682 4027 ibi
1695 3964 1792 4049 xxviij
1808 3962 1914 4042 boves,

337 4095 472 4161 quorum
489 4095 569 4137 unus
584 4087 726 4138 mortuus
740 4075 819 4151 fuit;
835 4091 867 4141 et
881 4100 900 4138 v
916 4101 1033 4155 averos,
1044 4101 1178 4165 quorum
1195 4100 1277 4141 unus
1290 4088 1433 4140 mortuus
1447 4073 1525 4149 fuit3
1542 4073 1583 4161 vij
1600 4097 1709 4162 porcos
1724 4075 1817 4139 unius
1830 4074 1915 4153 anni,

335 4200 365 4249 et
379 4184 430 4272 viij
449 4184 602 4257 minores;
627 4198 658 4247 et
675 4202 720 4247 nc
736 4209 820 4265 oves,
836 4186 875 4251 de
894 4188 1011 4273 quibus
1032 4211 1066 4252 cc
1088 4202 1119 4253 et
1138 4189 1171 4253 lx
1191 4188 1320 4253 fuerunt
1335 4186 1459 4251 vendite
1480 4208 1523 4249 xv
1538 4186 1648 4251 marcis
1662 4201 1692 4251 et
1708 4188 1740 4273 xj
1758 4186 1863 4252 solidis
1882 4200 1915 4253 et

336 4298 388 4383 viij
406 4294 560 4369 denariis;
585 4294 623 4359 de
645 4296 787 4376 residuis,
808 4311 928 4364 mortue
947 4301 1073 4365 fuerunt
1090 4323 1124 4364 cc
1139 4314 1170 4365 et
1184 4300 1294 4387 iiijxx.
1311 4321 1445 4385 quarum
1467 4297 1564 4384 pelles
1579 4296 1702 4363 vendite
1721 4297 1851 4363 fuerunt
1870 4298 1912 4385 iiij

336 4407 424 4472 libris
438 4421 469 4471 et
485 4407 528 4493 xij
547 4405 660 4470 solidis
708 4406 796 4471 Idem
812 4409 895 4493 cepit
908 4407 947 4472 de
962 4409 1061 4486 firma,
1077 4411 1403 4498 perhumanum
1422 4426 1470 4472 na
1486 4409 1691 4485 Fltlsvunss,
1706 4408 1807 4494 primo
1821 4430 1912 4487 anno,

329 4510 436 4582 ⁴xxxix
456 4517 552 4582 libras
572 4530 605 4580 et
625 4516 658 4580 ix
675 4515 789 4580 solidos
810 4532 842 4582 et
856 4541 877 4581 x
893 4517 1046 4597 denarios,
1061 4523 1116 4607 etj
1133 4521 1287 4610 capellum
1302 4519 1342 4584 de
1358 4519 1500 4583 Pavone¹
1515 4517 1554 4581 de
1570 4514 1695 4581 redditu
1711 4516 1913 4579 Wlnnsscm

336 4644 384 4691 oa
407 4628 636 4690 Pruxauurn.
682 4625 795 4692 Postea
820 4630 936 4716 recepit
963 4630 1071 4695 Huoo
1101 4649 1148 4696 oa
1171 4634 1386 4703 Monawron
1412 4629 1584 4694 custodiam
1608 4627 1647 4692 de
1673 4629 1859 4705 cucone,
1882 4639 1914 4692 et

335 4873 418 4926 oves,
434 4861 465 4912 et
481 4847 579 4932 xxxiij
598 4849 703 4934 pelles,
719 4863 750 4913 et
766 4850 829 4937 xvij
847 4873 909 4936 que
929 4850 1045 4916 nullius
1068 4864 1139 4916 sunt
1155 4851 1256 4938 pretii.
1303 4852 1476 4914 CATTORP
1499 4872 1569 4913 cum
1593 4846 1796 4936 pertinentiis,
1811 4860 1914 4933 potest

336 4961 437 5024 valere
461 4979 646 5045 perannum
662 4962 759 5047 xxxvj
777 4960 864 5025 libris
877 4973 908 5025 et
923 4962 975 5050 xvj
994 4962 1099 5026 solidis
1113 4977 1143 5027 et
1158 4985 1177 5023 v
1193 4960 1338 5039 denariis,
1355 4959 1379 5023 si
1400 4971 1480 5023 esset
1494 4959 1537 5023 ibi
1558 4955 1741 5020 rationabile
1763 4956 1915 5020 instaura·

335 5058 486 5148 mentum,
512 5067 600 5155 quod
626 5083 729 5155 posset
750 5069 913 5144 sustineri3
938 5070 1064 5148 scilicet,
1085 5097 1105 5132 v
1127 5096 1265 5152 carruca,
1288 5091 1310 5135 n
1337 5095 1421 5149 oves,
1443 5072 1463 5159 ij
1488 5093 1590 5147 vacce,
1613 5069 1644 5155 iij
1669 5069 1782 5154 sues,j
1807 5069 1911 5133 verris

850 5200 860 5235 ¹
878 5195 987 5250 Galeam
999 5215 1013 5250 e
1025 5201 1115 5269 pennis
1126 5201 1248 5272 pavoueis
1260 5200 1398 5253 confectus.
