4530 6352
810 861 863 913 ET
891 861 1063 913 PUELLIS
1091 859 1136 911 ΙΝ
1164 857 1454 911 LINCOLNSCIR.

798 1125 1157 1192 ASWAREHIRNE
1167 1155 1169 1158 ·
1181 1123 1466 1188 WAPENTAK.

402 1265 503 1329 Filius
517 1265 720 1328 Wrnnltnnss
748 1262 804 1327 filii
829 1265 1041 1339 RANNULm,
1063 1275 1108 1325 est
1130 1261 1162 1325 in
1184 1259 1326 1324 custodia
1342 1258 1470 1323 Domini
1486 1258 1584 1343 Regis
1607 1280 1663 1344 per
1677 1257 1916 1344 Episcopatum,

336 1388 369 1440 et
394 1378 426 1441 in
453 1375 593 1440 custodia
619 1376 792 1438 Huoonrs
817 1374 1001 1437 Bannunr
1027 1393 1082 1457 per
1103 1371 1274 1434 Dominum
1292 1372 1432 1455 Regem
1457 1381 1486 1433 et
1512 1369 1578 1455 ipse
1599 1380 1646 1433 est
1673 1369 1725 1454 viij
1753 1387 1913 1431 annorum.

338 1487 448 1550 HUGO
465 1486 648 1548 BARDULF
664 1483 779 1570 recepit
793 1482 832 1546 de
848 1497 931 1547 terra
945 1506 1001 1546 sua
1015 1482 1047 1545 in
1065 1483 1265 1560 summust
1280 1483 1328 1545 his
1349 1483 1382 1567 iij
1404 1481 1503 1558 annis,
1518 1504 1559 1544 xv
1576 1503 1705 1557 marcas,
1721 1479 1837 1565 quibus
1854 1478 1916 1541 fuit

335 1597 367 1662 in
383 1620 476 1661 manu
492 1598 568 1683 ejus.
614 1597 715 1659 Terra
734 1595 788 1659 iila
803 1596 885 1659 valet
900 1596 1061 1658 annuatim
1078 1617 1096 1654 v
1113 1596 1234 1668 marcis,
1250 1608 1281 1658 et
1297 1617 1356 1657 non
1372 1606 1476 1681 potest
1489 1594 1562 1679 plus
1576 1593 1688 1671 valere,
1704 1590 1916 1678 quianullum

337 1720 439 1797 potest
454 1709 497 1773 ibi
513 1731 577 1772 esse
591 1708 881 1772 instauramentum.

402 1822 602 1884 Roannrus
625 1819 708 1883 filius
728 1820 891 1883 Osannrr
916 1818 1088 1894 Snnvmu,
1103 1829 1149 1880 est
1164 1816 1196 1879 in
1211 1816 1353 1880 custodia
1368 1815 1496 1880 Domini
1513 1815 1621 1901 Regis,
1645 1837 1701 1901 per
1715 1815 1917 1878 Errscora·

337 1949 416 1997 ‘rum
434 1933 755 2007 Ltrtconuluusssm,
773 1951 791 1992 a
806 1928 885 1992 festo
907 1941 1010 1992 sancte
1034 1927 1144 1993 Crucis
1165 1928 1195 1990 in
1212 1929 1372 2012 Augusto,
1388 1941 1420 1991 et
1434 1940 1480 1990 est
1501 1928 1532 2013 xj
1555 1948 1706 1990 annorum
1728 1938 1760 1989 et
1781 1922 1913 1988 dimidii.

338 2043 440 2107 Terra
462 2065 517 2105 sua
538 2041 569 2104 in
586 2041 748 2118 Wlhssffl,
764 2062 834 2104 cum
850 2040 883 2125 iij
900 2041 1070 2104 carrucatis
1091 2063 1154 2126 que
1175 2039 1219 2103 ibi
1242 2053 1316 2103 sunt
1337 2041 1369 2103 in
1392 2039 1541 2118 dominio,
1563 2053 1595 2103 et
1618 2039 1637 2125 ij
1664 2038 1775 2101 marcis
1793 2058 1855 2122 que
1870 2034 1915 2099 ibi

338 2165 411 2216 aunt
425 2150 464 2214 de
478 2150 579 2227 firma,
595 2149 676 2212 valet
691 2171 747 2235 per
761 2157 877 2212 annum
893 2148 934 2235 vij
952 2149 1039 2212 libris
1053 2162 1084 2213 et
1100 2150 1140 2236 vij
1159 2148 1265 2214 solidis
1287 2166 1317 2214 et
1334 2151 1386 2237 viij
1409 2150 1559 2214 denariis:
1584 2163 1615 2213 et
1638 2150 1662 2212 si
1685 2148 1729 2213 ibi
1751 2159 1851 2211 essent
1875 2162 1915 2210 cc

338 2283 422 2338 oves,
436 2259 552 2323 valeret
575 2271 658 2321 terra
678 2258 837 2322 annuatim
862 2259 893 2344 xj
918 2258 1006 2323 libris
1027 2272 1058 2322 et
1077 2257 1208 2323 dimidia
1228 2282 1339 2324 marca.
1385 2262 1593 2324 JocssmNUs
1618 2276 1667 2321 ΒΕ
1686 2260 1914 2323 EVERMUWA

338 2369 453 2455 recepit
479 2367 593 2431 dictam
620 2368 752 2445 firmam,
767 2381 935 2454 postquam
960 2370 1022 2434 fuit
1046 2371 1078 2433 in
1102 2393 1196 2434 manu
1219 2372 1346 2435 Domini
1369 2373 1485 2456 Regis3
1510 2372 1576 2457 etj
1605 2371 1714 2435 libram
1741 2368 1866 2456 piperis,
1884 2379 1916 2431 et

334 2481 348 2567 j
364 2478 476 2544 libram
492 2477 620 2554 cumini,
636 2491 668 2540 et
681 2478 702 2563 ij
720 2476 870 2541 denarios.
917 2481 1110 2544 channus
1132 2481 1251 2544 Bruro
1274 2496 1305 2545 et
1322 2484 1521 2547 Ronanrus
1545 2499 1592 2545 na
1608 2482 1794 2545 Hannnns
1817 2479 1917 2544 duxe-

338 2602 414 2654 runt
427 2589 500 2653 inde
515 2589 553 2652 ad
572 2589 797 2653 Casrsshnum
823 2604 870 2651 οε
888 2605 935 2652 LA
952 2591 1092 2670 Fortun,
1108 2614 1125 2655 c
1140 2603 1171 2653 et
1186 2593 1218 2678 xj
1236 2615 1383 2680 esceppas
1405 2593 1500 2672 bladi,
1517 2593 1603 2679 quod
1620 2592 1718 2656 valuit
1736 2593 1769 2656 ix
1785 2591 1873 2656 libris
1887 2605 1919 2655 et

339 2700 415 2787 xviij
433 2699 547 2764 solidis.

822 2897 1119 2964 FLAZWELLE
1146 2901 1432 2965 WAPENTAK.

403 3033 495 3096 Uxor
524 3053 586 3117 que
615 3030 676 3093 fuit
707 3031 874 3094 Ronnnrr
900 3048 948 3094 nn
971 3035 1085 3113 Caua,
1119 3051 1150 3101 et
1183 3048 1281 3100 mater
1308 3034 1414 3098 uxoris
1437 3035 1612 3097 Ranunrr
1636 3033 1692 3096 filii
1716 3034 1918 3111 Scaeuam,

341 3141 534 3204 Cambellani
550 3140 676 3203 Domini
693 3142 801 3227 Regis,
818 3142 881 3206 filia
902 3144 1063 3207 Rlcattnt
1082 3147 1236 3225 Bassam,
1257 3159 1288 3210 et
1310 3169 1395 3209 soror
1412 3148 1611 3209 Winnssnnss
1637 3146 1790 3223 Bassnr,
1813 3157 1858 3208 est
1880 3143 1920 3209 de

339 3251 505 3315 donatione
528 3252 655 3315 Domini
672 3253 779 3337 Regis,
801 3266 832 3316 et
852 3268 901 3318 est
917 3253 926 3316 1
947 3277 1097 3319 annorum
1113 3272 1145 3322 et
1159 3257 1303 3343 amplius
1349 3257 1452 3339 Terra
1471 3256 1539 3341 ejus
1560 3256 1591 3318 in
1608 3256 1830 3335 RISGINTON,
1846 3277 1918 3318 cum

340 3363 543 3449 pertinentiis,
560 3362 640 3426 valet
657 3364 699 3448 xij
721 3363 809 3428 libris
831 3387 1033 3450 perannum,
1054 3390 1125 3431 cum
1148 3369 1393 3432 instauramento
1416 3365 1502 3452 quod
1522 3366 1564 3429 ibi
1583 3379 1648 3438 est3
1675 3365 1800 3445 scilicet,
1815 3365 1837 3451 ij
1854 3364 1920 3428 car-

340 3473 432 3547 rucis,
449 3491 468 3536 c
484 3474 609 3549 ovibus,
626 3497 645 3535 v
661 3474 771 3551 vaccis,
783 3477 796 3561 j
815 3489 923 3549 tauro;
947 3489 979 3539 et
1001 3477 1025 3539 si
1048 3476 1238 3544 adderentur
1254 3497 1273 3541 c
1289 3501 1362 3541 oves
1382 3500 1444 3563 que
1459 3477 1585 3554 desunt,
1601 3477 1718 3540 valeret
1733 3499 1920 3562 perannum

340 3584 406 3670 xiiij
424 3583 518 3648 libris.
565 3585 634 3647 Hec
651 3598 732 3648 terra
747 3603 793 3649 est
807 3585 846 3649 de
862 3586 997 3651 Baronia
1011 3587 1186 3653 RADULrl
1203 3589 1257 3652 filii
1275 3591 1475 3652 Srssrflartl.

405 3694 497 3757 Uxor
511 3699 682 3757 Acunum
706 3695 857 3759 GREsnE
880 3697 941 3761 fuit
963 3698 1002 3761 de
1024 3699 1190 3762 donatione
1206 3699 1332 3762 Domini
1350 3699 1458 3782 Regis,
1481 3696 1562 3760 etin
1586 3697 1655 3781 ejus
1675 3694 1816 3760 custodia
1836 3696 1916 3782 perj

340 3826 456 3866 annum
479 3817 509 3867 et
531 3803 563 3889 iij
588 3819 691 3889 partes
713 3805 796 3881 anni,
818 3806 876 3868 sub
891 3808 1034 3870 custodia
1046 3810 1182 3871 'struma
1199 3810 1360 3873 Bassur:
1383 3821 1413 3871 et
1429 3809 1511 3870 intra
1525 3806 1609 3870 hunc
1625 3806 1793 3870 terminum
1815 3804 1918 3868 reddi-

340 3914 465 3988 derunt,
482 3915 607 3992 scilicet,
631 3916 827 3979 channus
850 3916 934 3980 filius
957 3920 1141 3995 Srwaanr,
1156 3937 1187 3982 et
1202 3918 1439 3981 Wmcmuus
1467 3934 1510 3979 aa
1526 3919 1696 3991 Cornua,
1711 3916 1836 3979 domine
1851 3938 1917 3992 sue,

339 4024 379 4088 de
403 4038 484 4087 terra
507 4047 562 4087 sua
583 4025 621 4088 de
637 4026 928 4105 BLAccHEsttaM,
948 4028 979 4092 ix
1001 4029 1096 4093 libras
1109 4047 1141 4092 et
1155 4031 1187 4116 iij
1212 4029 1325 4093 solidos
1347 4043 1376 4092 et
1394 4029 1445 4114 viij
1468 4027 1611 4091 denarios
1633 4026 1672 4090 de
1693 4027 1802 4098 firma3
1825 4043 1856 4091 et
1878 4024 1918 4089 de

339 4130 433 4195 blado
449 4131 585 4209 vendito,
608 4150 627 4195 c
649 4134 762 4199 solidos
784 4149 815 4199 et
837 4138 881 4222 xij
907 4138 1056 4202 denarios.
1103 4141 1258 4203 Dominus
1274 4141 1345 4204 Rex
1368 4139 1456 4203 dedit
1476 4161 1544 4202 earn
1567 4151 1676 4224 postea
1692 4139 1844 4200 Wroom
1870 4152 1917 4200 mr

341 4243 486 4319 CROUN,
508 4265 579 4306 cum
604 4258 685 4307 terra
708 4268 763 4308 sua
784 4245 815 4308 in
832 4247 1118 4312 Baocouasuau.
1165 4252 1240 4337 Ipsa
1262 4251 1380 4337 habetj
1397 4250 1509 4327 filium,
1524 4248 1668 4312 heredem
1686 4261 1765 4312 terre
1781 4270 1846 4326 sue,
1862 4247 1917 4333 qui

339 4368 385 4416 est
416 4353 447 4415 in
476 4354 619 4418 custodia
644 4356 772 4420 Domini
799 4358 907 4442 Regis,
932 4375 964 4423 et
989 4374 1034 4424 est
1061 4361 1092 4446 xj
1123 4383 1286 4426 annorum.
1335 4363 1379 4425 Et
1402 4375 1468 4427 tota
1492 4360 1626 4424 Batonia
1650 4373 1697 4423 est
1723 4360 1754 4423 in
1777 4357 1918 4423 custodia

341 4463 499 4526 Nlcssnht
522 4464 578 4528 filii
594 4468 838 4545 ALEXANDM,
854 4491 910 4560 per
925 4484 1105 4557 preceptum
1123 4472 1249 4535 Domini
1266 4472 1375 4557 Regis.

810 4666 1137 4733 BALTESLAWE
1162 4669 1448 4733 WAPENTAK.

406 4796 594 4860 Marrnnrs
619 4816 666 4862 nn
688 4800 799 4877 Dum,
822 4823 884 4887 que
908 4801 970 4867 fuit
992 4827 1072 4867 uxor
1094 4806 1296 4869 Wrcnanur
1323 4823 1370 4868 nr
1394 4805 1504 4881 DrvA,
1527 4817 1558 4867 et
1579 4802 1643 4866 filia
1658 4801 1843 4863 Waaram
1869 4815 1917 4861 na

340 4904 627 4988 Gaurnavrnnss,
644 4925 690 4975 est
712 4911 751 4976 de
772 4913 939 4978 donatione
955 4913 1082 4976 Domini
1107 4915 1216 5002 Regia,
1233 4929 1265 4980 et
1287 4928 1334 4981 est
1359 4937 1442 4980 xxxv
1469 4936 1631 4980 annorum.
1677 4913 1777 4975 Terra
1800 4909 1917 4974 suade

955 5043 966 5078 ¹
978 5051 995 5078 ‘⁴
1008 5049 1142 5114 lwnrebi,''
1162 5048 1220 5101 MS.
1233 5047 1306 5099 Harl.
